@misc{Letterboxd,
  title        = {Letterboxd dataset},
  description  = {More than 850,000 films with descriptions, posters, actors, crew and releases},
  note         = {Accessed: (17.05.2024)},
  howpublished = {\url{https://www.kaggle.com/datasets/gsimonx37/letterboxd}}
}

@ARTICLE{726791,
  author={Lecun, Y. and Bottou, L. and Bengio, Y. and Haffner, P.},
  journal={Proceedings of the IEEE}, 
  title={Gradient-based learning applied to document recognition}, 
  year={1998},
  volume={86},
  number={11},
  pages={2278-2324},
  keywords={Neural networks;Pattern recognition;Machine learning;Optical character recognition software;Character recognition;Feature extraction;Multi-layer neural network;Optical computing;Hidden Markov models;Principal component analysis},
  doi={10.1109/5.726791}}
